% This file was created with JabRef 2.4.
% Encoding: Cp1252

@ARTICLE{Ago94,
  author = {V. Agoshkov and E. Ovtchinnikov},
  title = {Projection decomposition method},
  journal = {Math. Models Methods Appl. Sci.},
  year = {1994},
  volume = {4},
  pages = {773-794}
}

@BOOK{Antoulas2005,
  title = {Approximation of Large-Scale Dynamical Systems},
  publisher = {SIAM},
  year = {2005},
  author = {A. C. Antoulas},
  owner = {Ortwin Farle},
  timestamp = {2008.07.25}
}

@ARTICLE{Who08,
  author = {ATBD},
  title = {TTBD},
  journal = {Who knows},
  year = {2008??},
  volume = {0},
  number = {0},
  month = may
}

@INPROCEEDINGS{Bal04,
  author = {N. Balin and A. Bendali and F. Collino},
  title = {Domain Decomposition and Additive {Schwarz} Techniques in the solution
	of a TE Model of the Scattering by an Electrically Deep Cavity},
  booktitle = {Proc. 15th Int. Conf. On Domain Decomposition Methods},
  year = {2004},
  pages = {149-156}
}

@INCOLLECTION{Ber94,
  author = {C. Bernardi and Y. Maday and A. T. Patera},
  title = {A new non conforming approach to domain decomposition: The mortar
	element method},
  booktitle = {Nonlinear Partial Differential Equations and Their Applications},
  publisher = {Longman},
  year = {1994},
  address = {White Plains, NY}
}

@ARTICLE{Bracken98,
  author = {J. E. Bracken and D.-K. Sun and Z. J. Cendes},
  title = {S-domain methods for simultaneous time and frequency characterization
	of electromagnetic devices},
  journal = IEEE_J_MTT,
  year = {1998},
  volume = {46},
  pages = {1277-1290},
  number = {46},
  month = sep,
  owner = {Ortwin Farle},
  timestamp = {2008.07.24}
}

@ARTICLE{Cho96,
  author = {Y. S. Choi-Grogan and K. Eswar and P. Sadayappan and R. Lee},
  title = {Sequential and parallel implementations of the partitioning finite-element
	method},
  journal = IEEE_J_AP,
  year = {1996},
  volume = {44},
  pages = {1609-1616},
  number = {12},
  month = dec
}

@ARTICLE{Codecasa2005,
  author = {L. Codecasa},
  title = {A novel approach for generating boundary condition independent compact
	dynamic thermal networks of packages},
  journal = {IEEE Transactions on Components and Packaging Technologies},
  year = {2005},
  volume = {28},
  pages = {593-604},
  number = {4},
  month = dec,
  owner = {Ortwin Farle},
  timestamp = {2007.09.10}
}

@ARTICLE{Daniel2004,
  author = {L. Daniel and O. C. Siong and L. S. Chay and K. H. Lee and J. White},
  title = {A multiparameter moment-matching model-reduction approach for generating
	geometrically parameterized interconnect performance models},
  journal = IEEE_J_CAD,
  year = {2004},
  volume = {23},
  pages = {678-693},
  month = may
}

@ARTICLE{Her00,
  author = {C. Farhat and F.-X. Roux},
  title = {A Method of Finite Element Tearing and Interconnecting and its Parallel
	Solution Algorithm},
  journal = {Int. J. Numer. Meth. Engrg.},
  year = {1991},
  volume = {32},
  pages = {1205-1227}
}

@ARTICLE{FarIP,
  author = {O. Farle and V. Hill and P. Ingleström and R. Dyczij-Edlinger},
  title = {Multi-parameter polynomial order reduction of linear finite element
	models},
  journal = {Math. Comp. Model. Dyn. Sys., in press},
  year = {2008}
}

@ARTICLE{Far06,
  author = {O. Farle and V. Hill and P. Nickel and R. Dyczij-Edlinger},
  title = {Multivariate finite element model order reduction for permittivity
	or permeability estimation},
  journal = IEEE_J_MAG,
  year = {2006},
  volume = {42},
  pages = {623-626},
  number = {4},
  month = apr
}

@ARTICLE{Feng2005,
  author = {L. H. Feng and E. B. Rudnyi and J. G. Korvink},
  title = {Preserving the film coefficient as a parameter in the compact thermal
	model for fast electrothermal simulation},
  journal = IEEE_J_CAD,
  year = {2005},
  volume = {24},
  pages = {1838-1847},
  number = {12},
  month = dec,
  owner = {Ortwin Farle},
  timestamp = {2007.09.10}
}

@PHDTHESIS{Grimme97,
  author = {E. Grimme},
  title = {Krylov projection methods for model reduction},
  school = {Coordinated-Science Laboratory, Univ. of Illinois at Urbana-Champaign},
  year = {1997},
  owner = {Ortwin},
  timestamp = {2008.07.04}
}

@ARTICLE{Gunupudi2002,
  author = {P. Gunupudi and R. Khazaka and M. Nakhla},
  title = {Analysis of transmission line circuits using multidimensional model
	reduction techniques},
  journal = IEEE_J_ADVP,
  year = {2002},
  volume = {25},
  pages = {174-180},
  number = {2},
  month = may,
  owner = {Ortwin Farle},
  timestamp = {2007.09.06}
}

@INPROCEEDINGS{Her03,
  author = {I. Herrera},
  title = {Unified Theory of Domain Decomposition Methods},
  booktitle = {Proc. 14th Int. Conf. on Domain Decomposition Methods},
  year = {2003},
  pages = {243-248}
}

@ARTICLE{Her01,
  author = {I. Herrera and R. Yates},
  title = {General Theory of Domain Decomposition: Beyond {Schwarz} Methods},
  journal = {Numer. Meth. Partial Diff. Equat.},
  year = {2001},
  volume = {17},
  pages = {495-517},
  number = {5}
}

@BOOK{Holmes96,
  title = {Turbulence, Coherent Structures, Dynamical Systems and Symmetry},
  publisher = {Cambridge University Press},
  year = {1996},
  author = {P. Holmes and J. L. Lumley and G. Berkooz},
  series = {Cambridge Monograph on Mechanics},
  owner = {Ortwin},
  timestamp = {2008.07.07}
}

@ARTICLE{Lee97,
  author = {H. B. Lee and T. Itoh},
  title = {A systematic optimum design of waveguide-tomicrostrip transition},
  journal = IEEE_J_MTT,
  year = {1997},
  volume = {45},
  pages = {803-809},
  number = {5},
  month = may
}

@ARTICLE{Lim01,
  author = {E. Limiti and E. Martini and G. Pelosi and M. Pierozzi and S. Selleri},
  title = {Efficient hybrid finite elements-modal expansion method for microstrip-to-waveguide
	transition analysis},
  journal = {J. Electromagn. Waves Applicat.},
  year = {2001},
  volume = {15},
  pages = {1027-1035}
}

@ARTICLE{Mar03,
  author = {E: Martini and G. Pelosi and S. Selleri},
  title = {A hybrid finite-element-modal-expansion method with a new type of
	curvilinear mapping for the analysis of microwave passive devices},
  journal = IEEE_J_MTT,
  year = {2003},
  volume = {51},
  pages = {1712-1717},
  number = {6},
  month = jun
}

@ARTICLE{Mat07,
  author = {T. Matsuo and Y. Ohtsuki and M. Shimasaki},
  title = {Efficient linear solvers for mortar finite-element method},
  journal = IEEE_J_MAG,
  year = {2007},
  volume = {43},
  pages = {1469-1472},
  number = {4}
}

@INBOOK{Nguyen05,
  chapter = {Certified real-time solution of parametrized partial differential
	equations},
  pages = {1523-1558},
  title = {Handbook of Materials Modeling},
  publisher = {Springer},
  year = {2005},
  editor = {S. Yip},
  author = {N. C. Nguyen and K. Veroy and AT Patera},
  owner = {Ortwin},
  timestamp = {2008.06.26}
}

@BOOK{Pel98,
  title = {Quick Finite Elements for Electromagnetic Waves},
  publisher = {Artech House},
  year = {1998},
  author = {G. Pelosi and R. Coccioli and S.Selleri},
  address = {London (UK)}
}

@ARTICLE{Pol97,
  author = {S. V. Polstyanko and R. Dyczij-Edlinger and J.-F. Lee},
  title = {Fast frequency sweep technique for the efficient analysis of dielectric
	waveguides},
  journal = IEEE_J_MTT,
  year = {1997},
  volume = {45},
  pages = {1118-1126},
  number = {7},
  month = jul
}

@ARTICLE{PrudHomme02,
  author = {C. Prud'homme and D. V. Rovas and K. Veroy and L. Machiels and Y.
	Maday and A. Patera and G. Turinici},
  title = {Reliable real-time solution of parameterized partial differential
	equations: reduced-basis output bound methods},
  journal = {Journal of Fluids Engineering},
  year = {2002},
  volume = {124},
  pages = {70-80},
  owner = {Ortwin},
  timestamp = {2008.06.26}
}

@ARTICLE{Rub01,
  author = {J. Rubio and J. Arroyo and J. Zapata},
  title = {{SFELP}-an efficient methodology for microwave circuit analysis},
  journal = IEEE_J_MTT,
  year = {2001},
  volume = {49},
  pages = {509-516},
  number = {3},
  month = mar
}

@ARTICLE{Rub99,
  author = {J. Rubio and J. Arroyo and J. Zapata},
  title = {Analysis of passive microwave circuits by using a hybrid {2-D} and
	{3-D} finite-element mode-matching method},
  journal = IEEE_J_MTT,
  year = {1999},
  volume = {47},
  pages = {1746-1749},
  number = {9},
  month = sep
}

@BOOK{Saa03,
  title = {Iterative methods for sparse linear systems},
  publisher = {SIAM},
  year = {2003},
  author = {Y. Saad},
  address = {Philadelphia (PA)},
  edition = {second}
}

@INPROCEEDINGS{Schultschik2008,
  author = {A. Schultschik and O. Farle and R. Dyczij-Edlinger},
  title = {An adaptive multi-point fast frequency sweep for large-scale finite
	element models},
  booktitle = {Proceedings CEFC 2008},
  year = {2008},
  pages = {301},
  owner = {Ortwin},
  timestamp = {2008.07.29}
}

@INPROCEEDINGS{Sel08,
  author = {S. Selleri and O. Farle and G. Guarnieri and M. L{\"o}sch and G.
	Pelosi and R. Dyczij-Edlinger},
  title = {A combined domain decomposition - model order reduction technique
	for fast finite element parametric sweep},
  booktitle = {IEEE Antennas Propagat. Symp. Dig.},
  year = {2008},
  pages = {1-4},
  address = {San Diego (CA)},
  month = jul
}

@INPROCEEDINGS{Sel08b,
  author = {S. Selleri and O. Farle and G. Guarnieri and M. L{\"o}sch and G.
	Pelosi and R. Dyczij-Edlinger},
  title = {Fast finite element analysis of microwave devices by domain decomposition
	and model order reduction},
  booktitle = {Proc. 9th FEM Workshop},
  year = {2008},
  pages = {65},
  address = {Bonn (D)},
  month = may
}

@BOOK{Smi96,
  title = {Domain decomposition: parallel multilevel methods for elliptic partial
	differential equations},
  publisher = {Cambridge University Press},
  year = {1996},
  author = {B. Smith and P. Bi{\o}rstad and W. Gropp},
  address = {Cambridge (UK)}
}

@ARTICLE{Stup00,
  author = {B. Stupfel and M. Mognot},
  title = {A domain decomposition method for the vector wave equation},
  journal = IEEE_J_AP,
  year = {2000},
  volume = {48},
  pages = {653-660},
  month = may,
  bumber = {5}
}

@ARTICLE{Vou06,
  author = {M. N. Vouvakis and Z. J. Cendes and J. F. Lee},
  title = {A FEM Domain Decomposition Method for Photonic and Electromagnetic
	Band Gap Structures},
  journal = IEEE_J_AP,
  year = {2006},
  volume = {54},
  pages = {721-733},
  number = {2},
  month = feb
}

@ARTICLE{Weile2001,
  author = {D. S. Weile and E. Michielssen},
  title = {Analysis of frequency selective surfaces using two-parameter generalized
	rational {K}rylov model-order reduction},
  journal = IEEE_J_AP,
  year = {2001},
  volume = {49},
  pages = {1539-1549},
  month = nov
}

@ARTICLE{Weile1999,
  author = {D. S. Weile and E. Michielssen and E. Grimme and K. Gallivan},
  title = {A method for generating rational interpolant reduced order models
	of two-parameter linear systems},
  journal = {Applied Mathematics Letters},
  year = {1999},
  volume = {12},
  pages = {93-102},
  month = jul
}

@ARTICLE{Wol07,
  author = {C. T. Wolfw and S.D: Gedney},
  title = {Preconditioning the {FETI} Method for Accelerating the Solution of
	Large EM Scattering Problems},
  journal = IEEE_J_AWPL,
  year = {2007},
  volume = {6},
  pages = {175-178}
}

@INPROCEEDINGS{Zha06,
  author = {K. Zhao and J.-F. Lee},
  title = {An accelerated non-conforming {DP-FETI} domain decomposition method
	for the analysis of large EMC problems},
  booktitle = {IEEE Antennas Propagat. Symp. Dig.},
  year = {2004},
  pages = {623-626}
}

