@ARTICLE{Bachinger2005,
  author = {Bachinger, F. and Langer, U. and Sch\"oberl, J},
  title = {Numerical analysis of nonlinear multiharmonic eddy current problems},
  journal = {Numer. Math.},
  year = {2005},
  volume = {100},
  pages = {593-616},
  number = {4},
  month = jun,
  issn = {0029-599X},
  issue = {4},
  keyword = {Mathematics and Statistics},
  publisher = {Springer Berlin / Heidelberg},
}

@ARTICLE{Copeland2010,
  author = {Copeland, D. M. and Langer, U.},
  title = {Domain decomposition solvers for nonlinear multiharmonic finite element
	equations},
  journal = {J. Numer. Math.},
  year = {2010},
  volume = {18},
  pages = {157--175},
  number = {3},
  month = oct,
  booktitle = {Journal of Numerical Mathematics},
  comment = {doi: 10.1515/JNUM.2010.008},
  issn = {1570-2820},
  publisher = {De Gruyter},
}

@ARTICLE{deGersem2001,
  author = {De Gersem, H. and Vande Sande, H. and Hameyer, K},
  title = {Strong coupled multi-harmonic finite element simulation package},
  journal = {COMPEL},
  year = {2001},
  volume = {20},
  pages = {535-546},
  number = {2},
}

@ARTICLE{Farle2004,
  author = {Farle, O. and Hill, V. and Dyczij-Edlinger, R.},
  title = {Finite-element waveguide solvers revisited},
  journal = IEEE_J_MAG,
  year = {2004},
  volume = {40},
  pages = {1468-1471},
  number = {2},
  doi = {10.1109/TMAG.2004.825128},
  issn = {0018-9464},
}


@ARTICLE{Gyselinck2002,
  author = {Gyselinck, J. and Dular, P. and Geuzaine, C. and Legros, W.},
  title = {Harmonic-balance finite-element modeling of electromagnetic devices: a novel approach},
  journal = IEEE_J_MAG,
  year = {2002},
  volume = {38},
  pages = {521-524},
  number = {2},
  month = mar,
  doi = {10.1109/20.996137},
  issn = {0018-9464},
}

@ARTICLE{Jiao2008,
  author = {Dan Jiao and Jianfang Zhu and Chakravarty, S.},
  title = {A Fast Frequency-Domain Eigenvalue-Based Approach to Full-Wave Modeling
	of Large-Scale Three-Dimensional On-Chip Interconnect Structures},
  journal = IEEE_J_ADVP,
  year = {2008},
  volume = {31},
  pages = {890-899},
  number = {4},
  doi = {10.1109/TADVP.2008.927813},
  issn = {1521-3323},
}

@ARTICLE{Kong2012,
  author = {Cen Kong and Hui Li and Xiaojian Chen and Shuwen Jiang and Jianjun
	Zhou and Chen Chen},
  title = {A Monolithic {AlGaN/GaN HEMT VCO} Using {BST} Thin-Film Varactor},
  journal = IEEE_J_MTT,
  year = {2012},
  volume = {60},
  pages = {3413-3419},
  number = {11},
  doi = {10.1109/TMTT.2012.2209442},
  issn = {0018-9480},
}

@INPROCEEDINGS{mateu2006measurements,
  author = {Mateu, J. and Booth, J.C. and Schima, S.A. and Collado, C. and Seron,
	D. and O'Callaghan, J.M.},
  title = {Measurements and Analysis of Microwave Nonlinearities in Ferroelectric
	Thin Film Transmission Lines},
  booktitle = {Microw. Symp. Dig., 2006. IEEE MTT-S Int.},
  year = {2006},
  pages = {1622-1625},
  doi = {10.1109/MWSYM.2006.249648},
  issn = {0149-645X},
}

@ARTICLE{Ntibarikure2012,
  author = {Ntibarikure, L. and Pelosi, G. and Selleri, S.},
  title = {Efficient Harmonic Balance Analysis of Waveguide Devices With Nonlinear
	Dielectrics},
  journal = IEEE_J_MWCL,
  year = {2012},
  volume = {22},
  pages = {221-223},
  number = {5},
  doi = {10.1109/LMWC.2012.2192420},
  issn = {1531-1309},
}

@INBOOK{Pelosi2009,
  chapter = {9},
  pages = {211--219},
  title = {Quick Finite-Element for Electromagnetic Waves},
  publisher = {Nordwood, MA: Artech House},
  year = {2009},
  author = {Pelosi, G. and Coccioli, R. and Selleri, S.},
  edition = {2nd ed.},
}

@ARTICLE{Sazegar2011,
  author = {Sazegar, M. and Yuliang Zheng and Maune, H. and Damm, C. and Xianghui
	Zhou and Jakoby, R.},
  title = {Compact Tunable Phase Shifters on Screen-Printed {BST} for Balanced
	Phased Arrays},
  journal = IEEE_J_MTT,
  year = {2011},
  volume = {59},
  pages = {3331-3337},
  number = {12},
  doi = {10.1109/TMTT.2011.2171985},
  issn = {0018-9480},
}

@ARTICLE{Yamada1989,
  author = {Yamada, S. and Bessho, K. and Lu, J.},
  title = {Harmonic balance finite element method applied to nonlinear {AC}
	magnetic analysis},
  journal = IEEE_J_MAG,
  year = {1989},
  volume = {25},
  pages = {2971-2973},
  number = {4},
  month = jul,
  doi = {10.1109/20.34341},
  issn = {0018-9464},
}

@INBOOK{ZhuCangellaris,
  chapter = {6},
  pages = {199--204},
  title = {Multigrid finite element methods for electromagnetic field modeling},
  publisher = {Piscataway, N.J. IEEE Press Hoboken, N.J. Wiley-Interscience},
  year = {2006},
  editor = {Dudley, Donald G.},
  author = {Zhu, Yu and Cangellaris, Andreas C.},
  series = {IEEE Press series on electromagnetic wave theory},
  isbn = {0-471-74110-8},
}

@ARTICLE{li2015cpw, 
author={Hsiao-Yun Li and Che-Ting Yeh and Jun-Jie Huang and Che-Wei Chang and Chen-Tsung Yu and Jia-Shiang Fu}, 
journal=IEEE_J_AWPL,
title={{CPW}-Fed Frequency-Reconfigurable Slot-Loop Antenna With a Tunable Matching Network Based on Ferroelectric Varactors}, 
year={2015}, 
month={}, 
volume={14}, 
pages={614-617}, 
doi={10.1109/LAWP.2014.2375334}, 
ISSN={1536-1225},
}

@INPROCEEDINGS{price2012temperature, 
author={Price, T. and Weller, T. and Ya Shen and Xun Gong}, 
booktitle={Wireless and Microw. Tech. Conf. (WAMICON), 2012 IEEE 13th Annual}, 
title={Temperature and voltage impact on intermodulation distortion of planar barium strontium titanate varactors}, 
year={2012}, 
month={April}, 
pages={1-5}, 
doi={10.1109/WAMICON.2012.6208466},
}

@ARTICLE{wang2005high, 
author={Guoan Wang and Polley, T. and Hunt, A. and Papapolymerou, J.}, 
journal= IEEE_AWPL,
title={A high performance tunable {RF MEMS} switch using barium strontium titanate ({BST}) dielectrics for reconfigurable antennas and phased arrays}, 
year={2005}, 
month={}, 
volume={4}, 
pages={217-220}, 
doi={10.1109/LAWP.2005.851065}, 
ISSN={1536-1225},}

@ARTICLE{furlan2015influence, 
author={Furlan, V. and Glinsek, S. and Kmet, B. and Pecnik, T. and Malic, B. and Vidmar, M.}, 
journal= IEEE_J_MTT,
title={Influence of Numerical Method and Geometry Used by {M}axwell's Equation Solvers on Simulations of Ferroelectric Thin-Film Capacitors},
year={2015}, 
month={March}, 
volume={63}, 
number={3}, 
pages={891-896}, 
doi={10.1109/TMTT.2015.2388763}, 
ISSN={0018-9480},}

@ARTICLE{caudle2013three, 
author={Caudle, B.T. and Baginski, M.E. and Kirkici, H. and Hamilton, M.C.}, 
journal= IEEE_J_PS,
title={Three-Dimensional {FDTD} Simulation of Nonlinear Ferroelectric Materials in Rectangular Waveguide}, 
year={2013}, 
month={Feb}, 
volume={41}, 
number={2}, 
pages={365-370}, 
doi={10.1109/TPS.2013.2239663}, 
ISSN={0093-3813},}

@article{cendes1988transfinite,
  title={The transfinite element method for modeling {MMIC} devices},
  author={Cendes, Zoltan J and Lee, Jin-Fa},
  journal=IEEE_J_MTT,
  volume={36},
  number={12},
  pages={1639--1649},
  year={1988},
  publisher={IEEE}
}

@article{mateu2007frequency,
  title={Frequency dependence of the nonlinear response in $\text{YBa}_2\text{Cu}_3\text{O}_{7-x}$ transmission lines},
  author={Mateu, Jordi and Booth, James C and Moeckly, Brian H},
  journal={Appl. Phys. Lett.},
  volume={90},
  number={1},
  pages={012512},
  year={2007},
  publisher={American Institute of Physics}
}

@article{ntibarikure2014harmonic,
  title={Harmonic Balance Domain Decomposition Finite Elements for Nonlinear Passive Microwave Devices Analysis},
  author={Ntibarikure, Laurent and Pelosi, Giuseppe and Selleri, Stefano},
  journal={Electromagnetics},
  volume={34},
  number={3-4},
  pages={239--252},
  year={2014},
  publisher={Taylor \& Francis}
}

@article{ingelstrom2006new,
  title={A new set of H (curl)-conforming hierarchical basis functions for tetrahedral meshes},
  author={Ingelstr{\"o}m, P{\"a}r},
  journal= IEEE_J_MTT,
  volume={54},
  number={1},
  pages={106--114},
  year={2006},
  publisher={IEEE}
}

@INPROCEEDINGS{He2019,
author={Y. {He} and B. {Bahr} and M. {Si} and P. {Ye} and D. {Weinstein}},
booktitle={2019 20th International Conference on Solid-State Sensors, Actuators and Microsystems Eurosensors XXXIII (TRANSDUCERS EUROSENSORS XXXIII)},
title={Switchable Mechanical Resonance Induced by Hysteretic Piezoelectricity in Ferroelectric Capacitors},
year={2019},
volume={},
number={},
pages={717-720},
month={June},}

@ARTICLE{Mansour2016,
author={A. A. {Mansour} and T. S. {Kalkur}},
journal={IEEE Transactions on Ultrasonics, Ferroelectrics, and Frequency Control},
title={Switchable and Tunable BAW Duplexer Based on Ferroelectric Material},
year={2016},
volume={63},
number={12},
pages={2224-2230},
month={Dec},}